@inproceedings{zhou2006learning,
	title={Learning with hypergraphs: Clustering, classification, and embedding},
	author={Zhou, Dengyong and Huang, Jiayuan and Sch{\"o}lkopf, Bernhard},
	booktitle={Advances in Neural Information Processing Systems},
	pages={1601--1608},
	year={2006}
}
@inproceedings{valogianni2014effective,
  title={Effective management of electric vehicle storage using smart charging},
  author={Valogianni, Konstantina and Ketter, Wolfgang and Collins, John and Zhdanov, Dmitry},
  booktitle={Proceedings of 28th AAAI Conference on Artificial Intelligence},
  pages={472--478},
  year={2014}
}
@inproceedings{kamboj2010exploring,
  title={Exploring the formation of electric vehicle coalitions for vehicle-to-grid power regulation},
  author={Kamboj, Sachin and Pearre, Nathaniel and Kempton, Willett and Decker, Keith and Trnka, Keith and Kern, Colin},
  booktitle={AAMAS workshop on agent technologies for energy systems (ATES 2010)},
  year={2010}
}

@inproceedings{kamboj2011deploying,
	title={Deploying power grid-integrated electric vehicles as a multi-agent system},
	author={Kamboj, Sachin and Kempton, Willett and Decker, Keith S},
	booktitle={The 10th International Conference on Autonomous Agents and Multiagent Systems-Volume 1},
	pages={13--20},
	year={2011},
	organization={International Foundation for Autonomous Agents and Multiagent Systems}
}


@Article{deORamos2014,
	author="de Oliveira Ramos, Gabriel
	and Burguillo, Juan C.
	and Bazzan, Ana LC",
	title="Dynamic constrained coalition formation among electric vehicles",
	journal="Journal of the Brazilian Computer Society",
	year="2014",
	volume="20",
	number="1",
	pages="1--15",
	abstract="The use of electric vehicles (EVs) and vehicle-to-grid (V2G) technologies have been advocated as an efficient way to reduce the intermittency of renewable energy sources in smart grids. However, operating on V2G sessions in a cost-effective way is not a trivial task for EVs. The formation of coalitions among EVs has been proposed to tackle this problem.",
	issn="1678-4804",
	doi="10.1186/1678-4804-20-8",
	url="http://dx.doi.org/10.1186/1678-4804-20-8"
}

@inproceedings{gerding2011online,
	title={Online mechanism design for electric vehicle charging},
	author={Gerding, Enrico H and Robu, Valentin and Stein, Sebastian and Parkes, David C and Rogers, Alex and Jennings, Nicholas R},
	booktitle={The 10th International Conference on Autonomous Agents and Multiagent Systems-Volume 2},
	pages={811--818},
	year={2011},
	organization={International Foundation for Autonomous Agents and Multiagent Systems}
}
@inproceedings{vinyals2012stable,
	title={Stable Coalition Formation Among Energy Consumers in the Smart Grid},
	author={Vinyals, Meritxell and Bistaffa, Filippo and Farinelli, Alessandro and Rogers, Alex},
	booktitle={Proceedings of the 2012 International Workshop on Agent Technologies for Energy Systems},
	year={2012},
	organization={International Foundation for Autonomous Agents and Multi-Agent Systems}
}
@inproceedings{chalkiadakis2011cooperatives,
	title={Cooperatives of distributed energy resources for efficient virtual power plants},
	author={Chalkiadakis, Georgios and Robu, Valentin and Kota, Ramachandra and Rogers, Alex and Jennings, Nicholas R},
	booktitle={The 10th International Conference on Autonomous Agents and Multiagent Systems-Volume 2},
	pages={787--794},
	year={2011},
	organization={International Foundation for Autonomous Agents and Multiagent Systems}
}
@inproceedings{robu2012cooperative,
	title={Cooperative virtual power plant formation using scoring rules},
	author={Robu, Valentin and Kota, Ramachandra and Chalkiadakis, Georgios and Rogers, Alex and Jennings, Nicholas R},
	booktitle={Proceedings of the 11th International Conference on Autonomous Agents and Multiagent Systems-Volume 3},
	pages={1165--1166},
	year={2012},
	organization={International Foundation for Autonomous Agents and Multiagent Systems}
}
@article{eiter1995identifying,
	title={Identifying the minimal transversals of a hypergraph and related problems},
	author={Eiter, Thomas and Gottlob, Georg},
	journal={SIAM Journal on Computing},
	volume={24},
	number={6},
	pages={1278--1304},
	year={1995},
	publisher={SIAM}
}


@article{ramchurn2012putting,
	title={Putting the'smarts' into the smart grid: a grand challenge for artificial intelligence},
	author={Ramchurn, Sarvapali D and Vytelingum, Perukrishnen and Rogers, Alex and Jennings, Nicholas R},
	journal={Communications of the ACM},
	volume={55},
	number={4},
	pages={86--97},
	year={2012},
	publisher={ACM}
}
@article{chalkiadakis2016characteristic,
	title={Characteristic function games with restricted agent interactions: Core-stability and coalition structures},
	author={Chalkiadakis, Georgios and Greco, Gianluigi and Markakis, Evangelos},
	journal={Artificial Intelligence},
	volume={232},
	pages={76--113},
	year={2016},
	publisher={Elsevier}
}

@inproceedings{chalkiadakis2012coalitional,
	title={Coalitional stability in structured environments},
	author={Chalkiadakis, Georgios and Markakis, Evangelos and Jennings, Nicholas R},
	booktitle={Proceedings of the 11th International Conference on Autonomous Agents and Multiagent Systems-Volume 2},
	pages={779--786},
	year={2012},
	organization={International Foundation for Autonomous Agents and Multiagent Systems}
}
@article{hartigan1979algorithm,
	title={Algorithm AS 136: A k-means clustering algorithm},
	author={Hartigan, John A and Wong, Manchek A},
	journal={Journal of the Royal Statistical Society. Series C (Applied Statistics)},
	volume={28},
	number={1},
	pages={100--108},
	year={1979},
	publisher={JSTOR}
}
@article{rahwan2009anytime,
	title={An anytime algorithm for optimal coalition structure generation},
	author={Rahwan, Talal and Ramchurn, Sarvapali D and Jennings, Nicholas R and Giovannucci, Andrea},
	journal={Journal of Artificial Intelligence Research (JAIR)},
	volume={34},
	number={1},
	pages={521--567},
	year={2009},
	publisher={AI Access Foundation}
}
@article{jun2009hypergraph,
	title={Hypergraph formation game},
	author={Jun, Tackseung and Kim, Jeong-Yoo},
	journal={Hitotsubashi Journal of Economics},
	pages={107--122},
	year={2009},
	publisher={JSTOR}
}

@inproceedings{zick2012overlapping,
	title={Overlapping coalition formation games: Charting the tractability frontier},
	author={Zick, Yair and Chalkiadakis, Georgios and Elkind, Edith},
	booktitle={Proceedings of the 11th International Conference on AAMAS-2012-Volume 2},
	pages={787--794},
	year={2012}
}

@article{chalkiadakis2011computational,
	title={Computational aspects of cooperative game theory},
	author={Chalkiadakis, Georgios and Elkind, Edith and Wooldridge, Michael},
	journal={Synthesis Lectures on Artificial Intelligence and Machine Learning},
	volume={5},
	number={6},
	pages={1--168},
	year={2011},
	publisher={Morgan \& Claypool Publishers}
}

@inproceedings{christianos2016,
	author    = {Filippos Christianos and
	Georgios Chalkiadakis},
	title     = {Employing Hypergraphs for Efficient Coalition Formation with Application
	to the {V2G} Problem},
	booktitle = {{ECAI} 2016 - 22nd European Conference on Artificial Intelligence,
	29 August-2 September 2016, The Hague, The Netherlands },
	pages     = {1604--1605},
	year      = {2016}
}

@inproceedings{voice2012coalition,
	title={On coalition formation with sparse synergies},
	author={Voice, Thomas and Ramchurn, Sarvapali D and Jennings, Nicholas R},
	booktitle={Proceedings of the 11th International Conference on Autonomous Agents and Multiagent Systems-Volume 1},
	pages={223--230},
	year={2012},
	organization={International Foundation for Autonomous Agents and Multiagent Systems}
}

@inproceedings{bistaffa2014anytime,
	title={Anytime coalition structure generation on synergy graphs},
	author={Bistaffa, Filippo and Farinelli, Alessandro and Cerquides, Jes{\'u}s and Rodr{\'\i}guez-Aguilar, Juan and Ramchurn, Sarvapali D},
	booktitle={Proceedings of the 2014 international conference on Autonomous agents and multi-agent systems},
	pages={13--20},
	year={2014},
	organization={International Foundation for Autonomous Agents and Multiagent Systems}
}


@article{rigas2015managing,
	title={Managing electric vehicles in the smart grid using artificial intelligence: A survey},
	author={Rigas, Emmanouil S and Ramchurn, Sarvapali D and Bassiliades, Nick},
	journal={IEEE Transactions on Intelligent Transportation Systems},
	volume={16},
	number={4},
	pages={1619--1635},
	year={2015},
	publisher={IEEE}
}



@inproceedings{baptista2009impact,
	title={Impact of the introduction of electric based vehicles in S{\~a}o Miguel Island},
	author={Baptista, Patr{\'\i}cia and Camus, Cristina and Silva, Carla and Farias, Tiago},
	booktitle={Proceedings of the 10th Conference on Energy for a Clean Environment},
	year={2009}
}



@article{globalev2016,
	title={Global EV Outlook 2016: Beyond one million electric cars},
	organization={International Energy Agency}
}

@article{shehory1998methods,
	title={Methods for task allocation via agent coalition formation},
	author={Shehory, Onn and Kraus, Sarit},
	journal={Artificial Intelligence},
	volume={101},
	number={1},
	pages={165--200},
	year={1998},
	publisher={Elsevier}
}

@article{sandholm1999coalition,
	title={Coalition structure generation with worst case guarantees},
	author={Sandholm, Tuomas and Larson, Kate and Andersson, Martin and Shehory, Onn and Tohm{\'e}, Fernando},
	journal={Artificial Intelligence},
	volume={111},
	number={1},
	pages={209--238},
	year={1999},
	publisher={Elsevier}
}

@article{nykvist2015rapidly,
	title={Rapidly falling costs of battery packs for electric vehicles},
	author={Nykvist, Bj{\"o}rn and Nilsson, M{\aa}ns},
	journal={Nature Climate Change},
	volume={5},
	number={4},
	pages={329--332},
	year={2015},
	publisher={Nature Publishing Group}
}
@inproceedings{vytelingum2010agent,
	title={Agent-based micro-storage management for the smart grid},
	author={Vytelingum, Perukrishnen and Voice, Thomas D and Ramchurn, Sarvapali D and Rogers, Alex and Jennings, Nicholas R},
	booktitle={Proceedings of the 9th International Conference on Autonomous Agents and Multiagent Systems: volume 1-Volume 1},
	pages={39--46},
	year={2010},
	organization={International Foundation for Autonomous Agents and Multiagent Systems}
}
@incollection{young2013electric,
	title={Electric vehicle battery technologies},
	author={Young, Kwo and Wang, Caisheng and Wang, Le Yi and Strunz, Kai},
	booktitle={Electric Vehicle Integration into Modern Power Networks},
	pages={15--56},
	year={2013},
	publisher={Springer}
}
@article{gan2013optimal,
	title={Optimal decentralized protocol for electric vehicle charging},
	author={Gan, Lingwen and Topcu, Ufuk and Low, Steven H},
	journal={IEEE Transactions on Power Systems},
	volume={28},
	number={2},
	pages={940--951},
	year={2013},
	publisher={IEEE}
}
@inproceedings{lampropoulos2010methodology,
	title={A methodology for modeling the behavior of electricity prosumers within the smart grid},
	author={Lampropoulos, Ioannis and Vanalme, Greet MA and Kling, Wil L},
	booktitle={2010 IEEE PES Innovative Smart Grid Technologies Conference Europe (ISGT Europe)},
	pages={1--8},
	year={2010},
	organization={IEEE}
}